<?xml version="1.0" encoding="UTF-8"?><record xmlns="http://www.loc.gov/MARC21/slim" xmlns:cinclude="http://apache.org/cocoon/include/1.0" xmlns:zs="http://www.loc.gov/zing/srw/">
  <leader>00600cz  a2200169n  4500</leader>
  <controlfield tag="001">nr 98012252 </controlfield>
  <controlfield tag="003">DLC</controlfield>
  <controlfield tag="005">20000930181548.0</controlfield>
  <controlfield tag="008">980402n| acannaabn          |a ana     c</controlfield>
  <datafield tag="010" ind1=" " ind2=" ">
    <subfield code="a">nr 98012252 </subfield>
  </datafield>
  <datafield tag="035" ind1=" " ind2=" ">
    <subfield code="a">(OCoLC)oca04701522</subfield>
  </datafield>
  <datafield tag="040" ind1=" " ind2=" ">
    <subfield code="a">NjP</subfield>
    <subfield code="b">eng</subfield>
    <subfield code="c">NjP</subfield>
    <subfield code="d">OCoLC</subfield>
  </datafield>
  <datafield tag="110" ind1="2" ind2=" ">
    <subfield code="a">Congjiang Xian zhi bian wei hui</subfield>
  </datafield>
  <datafield tag="410" ind1="2" ind2=" ">
    <subfield code="w">nne</subfield>
    <subfield code="a">Tsʻung-chiang hsien chih pien wei hui</subfield>
  </datafield>
  <datafield tag="410" ind1="2" ind2=" ">
    <subfield code="a">Cong jiang xian zhi bian wei hui</subfield>
  </datafield>
  <datafield tag="410" ind1="1" ind2=" ">
    <subfield code="a">Congjiang Xian (China).</subfield>
    <subfield code="b">Xian zhi bian wei hui</subfield>
  </datafield>
  <datafield tag="670" ind1=" " ind2=" ">
    <subfield code="a">Tsʻung-chiang hsien min tsu chih tzu liao hui pien, 1986- :</subfield>
    <subfield code="b">v. 1, t.p. (Tsʻung-chiang hsien chih pien wei hui)</subfield>
  </datafield>
</record>